@article{chen2007flow,
  title={Flow in games (and everything else)},
  author={Chen, Jenova},
  journal={Communications of the ACM},
  volume={50},
  number={4},
  pages={31--34},
  year={2007},
  publisher={ACM New York, NY, USA}
}
